<record><leader>00000cas a22000007a 4500</leader><controlfield tag="001">35154497</controlfield><controlfield tag="008">960729d1922192uncudr ne      0    0eng d</controlfield><datafield ind1=" " ind2=" " tag="010"><subfield code="a">sn 96086012 </subfield></datafield><datafield ind1=" " ind2=" " tag="040"><subfield code="a">NVJ</subfield><subfield code="b">eng</subfield><subfield code="c">NVJ</subfield><subfield code="d">OCLCQ</subfield></datafield><datafield ind1=" " ind2=" " tag="042"><subfield code="a">msc</subfield></datafield><datafield ind1="0" ind2=" " tag="130"><subfield code="a">Burlington daily news (Burlington, N.C.)</subfield></datafield><datafield ind1="1" ind2="0" tag="245"><subfield code="a">Burlington daily news.</subfield></datafield><datafield ind1=" " ind2=" " tag="260"><subfield code="a">Burlington, N.C. :</subfield><subfield code="b">Burlington News Co.</subfield></datafield><datafield ind1=" " ind2=" " tag="300"><subfield code="a">v.</subfield></datafield><datafield ind1=" " ind2=" " tag="310"><subfield code="a">Daily (except Sun.)</subfield></datafield><datafield ind1="1" ind2=" " tag="362"><subfield code="a">Began in 1922.</subfield></datafield><datafield ind1=" " ind2=" " tag="588"><subfield code="a">Description based on: Vol. 1, no. 269 (Jan. 18, 1923).</subfield></datafield><datafield ind1=" " ind2=" " tag="752"><subfield code="a">United States</subfield><subfield code="b">North Carolina</subfield><subfield code="c">Alamance</subfield><subfield code="d">Burlington.</subfield></datafield><datafield ind1="0" ind2="0" tag="785"><subfield code="t">Burlington daily times (Burlington, N.C.)</subfield><subfield code="w">(DLC)sn 96086013</subfield></datafield></record>